@string{JACM = "Journal of the {ACM}"}
@string{BBMS = "Bulletin of the Belgian Mathematical Society"}
@string{IPL= "Information Processing Letters"}
@string{ACMTCL = "{ACM} Transtations on Computational Logic"}
@string{JCSS = "Journal of Computer and System Science"}
@string{FMSD = "Formal Methods in System Design"}
@string{LMCS = "Logical Methods in Computer Science"}
@string{KBS = "Knowledge-Based Systems"}
@string{ACMTPLS = "ACM Transactions on Programming Languages and Systems"}
@string{TCS = "Theoretical Computer Scicence"}

@string{AAMAS02 = "Proceedings of the 1st International Joint Conference on Autonomous Agents and Multiagent Systems"}
@string{AAMAS03 = "Proceedings of the 2nd International Joint Conference on Autonomous Agents and Multiagent Systems"}
@string{AAMAS04 = "Proceedings of the 3rd International Joint Conference on Autonomous Agents and Multiagent Systems"}
@string{AAMAS05 = "Proceedings of the 4th International Joint Conference on Autonomous Agents and Multiagent Systems"}
@string{AAMAS06 = "Proceedings of the 5th International Joint Conference on Autonomous Agents and Multiagent Systems"}
@string{AAMAS07 = "Proceedings of the 6th International Joint Conference on Autonomous Agents and Multiagent Systems"}
@string{AAMAS08 = "Proceedings of the 7th International Joint Conference on Autonomous Agents and Multiagent Systems"}
@string{AAMAS09 = "Proceedings of the 8th International Joint Conference on Autonomous Agents and Multiagent Systems"}
@string{AAMAS10= "Proceedings of the 9th International Joint Conference on Autonomous Agents and Multiagent Systems"}
@string{AAMAS11 = "Proceedings of the 10th International Joint Conference on Autonomous Agents and Multiagent Systems"}
@string{AAMAS12 = "Proceedings of the 11th International Joint Conference on Autonomous Agents and Multiagent Systems"}
@string{AAMAS13 = "Proceedings of the 12th International Joint Conference on Autonomous Agents and Multiagent Systems"}
@string{AAMAS14 = "Proceedings of the 13th International Joint Conference on Autonomous Agents and Multiagent Systems"}
@string{AAMAS15 = "Proceedings of the 14th International Joint Conference on Autonomous Agents and Multiagent Systems"}


@string{CAV90 = "Proceedings of the 2nd International Conference on Computer Aided Verification"}
@string{CAV91 = "Proceedings of the 3rd International Conference on Computer Aided Verification"}
@string{CAV92 = "Proceedings of the 4th International Conference on Computer Aided Verification"}
@string{CAV93 = "Proceedings of the 5th International Conference on Computer Aided Verification"}
@string{CAV94 = "Proceedings of the 6th International Conference on Computer Aided Verification"}
@string{CAV95 = "Proceedings of the 7th International Conference on Computer Aided Verification"}
@string{CAV96 = "Proceedings of the 8th International Conference on Computer Aided Verification"}
@string{CAV97 = "Proceedings of the 9th International Conference on Computer Aided Verification"}
@string{CAV98 = "Proceedings of the 10th International Conference on Computer Aided Verification"}
@string{CAV99 = "Proceedings of the 11th International Conference on Computer Aided Verification"}
@string{CAV00 = "Proceedings of the 12th International Conference on Computer Aided Verification"}
@string{CAV01 = "Proceedings of the 13th International Conference on Computer Aided Verification"}
@string{CAV02 = "Proceedings of the 14th International Conference on Computer Aided Verification"}
@string{CAV03 = "Proceedings of the 15th International Conference on Computer Aided Verification"}
@string{CAV04 = "Proceedings of the 16th International Conference on Computer Aided Verification"}
@string{CAV05 = "Proceedings of the 17th International Conference on Computer Aided Verification"}
@string{CAV06 = "Proceedings of the 18th International Conference on Computer Aided Verification"}
@string{CAV07 = "Proceedings of the 19th International Conference on Computer Aided Verification"}
@string{CAV08 = "Proceedings of the 20th International Conference on Computer Aided Verification"}
@string{CAV09 = "Proceedings of the 21st International Conference on Computer Aided Verification"}
@string{CAV10 = "Proceedings of the 22nd International Conference on Computer Aided Verification"}
@string{CAV11 = "Proceedings of the 23rd International Conference on Computer Aided Verification"}
@string{CAV12 = "Proceedings of the 24th International Conference on Computer Aided Verification"}
@string{CAV13 = "Proceedings of the 25th International Conference on Computer Aided Verification"}
@string{CAV14 = "Proceedings of the 26th International Conference on Computer Aided Verification"}
@string{CAV15 = "Proceedings of the 27th International Conference on Computer Aided Verification"}
@string{CAV16 = "Proceedings of the 28th International Conference on Computer Aided Verification"}

@string{FOCS75 = "Proceedings of the 16th IEEE Symposium on Foundations of Computer Science"}
@string{FOCS76 = "Proceedings of the 17th IEEE Symposium on Foundations of Computer Science"}
@string{FOCS77 = "Proceedings of the 18th IEEE Symposium on Foundations of Computer Science"}
@string{FOCS78 = "Proceedings of the 19th IEEE Symposium on Foundations of Computer  Science"}
@string{FOCS79 = "Proceedings of the 20th IEEE Symposium on Foundations of Computer Science"}
@string{FOCS80 = "Proceedings of the 21st IEEE Symposium on Foundations of Computer Science"}
@string{FOCS81 = "Proceedings of the 22nd IEEE Symposium on Foundations of Computer Science"}
@string{FOCS82 = "Proceedings of the 23rd IEEE Symposium on Foundations of Computer Science"}
@string{FOCS83 = "Proceedings of the 24th IEEE Symposium on Foundations of Computer Science"}
@string{FOCS84 = "Proceedings of the 25th IEEE Symposium on Foundations of Computer Science"}
@string{FOCS85 = "Proceedings of the 26th IEEE Symposium on Foundations of Computer Science"}
@string{FOCS86 = "Proceedings of the 27th IEEE Symposium on Foundations of Computer Science"}
@string{FOCS87 = "Proceedings of the 28th IEEE Symposium on Foundations of Computer Science"}
@string{FOCS88 = "Proceedings of the 29th IEEE Symposium on Foundations of Computer Science"}
@string{FOCS89 = "Proceedings of the 30th IEEE Symposium on Foundations of Computer Science"}
@string{FOCS90 = "Proceedings of the 31st IEEE Symposium on Foundations of Computer Science"}
@string{FOCS91 = "Proceedings of the 32nd IEEE Symposium on Foundations of Computer Science"}
@string{FOCS92 = "Proceedings of the 33rd IEEE Symposium on Foundations of Computer Science"}
@string{FOCS93 = "Proceedings of the 34th IEEE Symposium on Foundations of Computer Science"}
@string{FOCS94 = "Proceedings of the 35th IEEE Symposium on Foundations of Computer Science"}
@string{FOCS95 = "Proceedings of the 36th IEEE Symposium on Foundations of Computer Science"}
@string{FOCS96 = "Proceedings of the 37th IEEE Symposium on Foundations of Computer Science"}
@string{FOCS97 = "Proceedings of the 38th IEEE Symposium on Foundations of Computer Science"}
@string{FOCS98 = "Proceedings of the 39th IEEE Symposium on Foundations of Computer Science"}
@string{FOCS99 = "Proceedings of the 40th IEEE Symposium on Foundations of Computer Science"}
@string{FOCS00 = "Proceedings of the 41st IEEE Symposium on Foundations of Computer Science"}
@string{FOCS01 = "Proceedings of the 42nd IEEE Symposium on Foundations of Computer Science"}
@string{FOCS02 = "Proceedings of the 43rd IEEE Symposium on Foundations of Computer Science"}
@string{FOCS03 = "Proceedings of the 44th IEEE Symposium on Foundations of Computer Science"}
@string{FOCS04 = "Proceedings of the 45th IEEE Symposium on Foundations of Computer Science"}
@string{FOCS05 = "Proceedings of the 46th IEEE Symposium on Foundations of Computer Science"}
@string{FOCS06 = "Proceedings of the 47th IEEE Symposium on Foundations of Computer Science"}
@string{FOCS07 = "Proceedings of the 48th IEEE Symposium on Foundations of Computer Science"}
@string{FOCS08 = "Proceedings of the 49th IEEE Symposium on Foundations of Computer Science"}
@string{FOCS09 = "Proceedings of the 50th IEEE Symposium on Foundations of Computer Science"}
@string{FOCS10 = "Proceedings of the 51st IEEE Symposium on Foundations of Computer Science"}
@string{FOCS11 = "Proceedings of the 52nd IEEE Symposium on Foundations of Computer Science"}
@string{FOCS12 = "Proceedings of the 53rd IEEE Symposium on Foundations of Computer Science"}
@string{FOCS13 = "Proceedings of the 54th IEEE Symposium on Foundations of Computer Science"}
@string{FOCS14 = "Proceedings of the 55th IEEE Symposium on Foundations of Computer Science"}
@string{FOCS15 = "Proceedings of the 56th IEEE Symposium on Foundations of Computer Science"}
@string{FOCS16 = "Proceedings of the 57th IEEE Symposium on Foundations of Computer Science"}



@string{FOSSACS98 = "Proceedings of the 1st International Conference on Foundations of Software Science and Computational Structures"}
@string{FOSSACS99 = "Proceedings of the 2nd International Conference on Foundations of Software Science and Computational Structures"}
@string{FOSSACS00 = "Proceedings of the 3rd International Conference on Foundations of Software Science and Computational Structures"}
@string{FOSSACS01 = "Proceedings of the 4th International Conference on Foundations of Software Science and Computational Structures"}
@string{FOSSACS02 = "Proceedings of the 5th International Conference on Foundations of Software Science and Computational Structures"}
@string{FOSSACS03 = "Proceedings of the 6th International Conference on Foundations of Software Science and Computational Structures"}
@string{FOSSACS04 = "Proceedings of the 7th International Conference on Foundations of Software Science and Computational Structures"}
@string{FOSSACS05 = "Proceedings of the 8th International Conference on Foundations of Software Science and Computational Structures"}
@string{FOSSACS06 = "Proceedings of the 9th International Conference on Foundations of Software Science and Computational Structures"}

@string{FOSSACS07 = "Proceedings of the 10th International Conference on Foundations of Software Science and Computational Structures"}
@string{FOSSACS08 = "Proceedings of the 11th International Conference on Foundations of Software Science and Computational Structures"}
@string{FOSSACS09 = "Proceedings of the 12th International Conference on Foundations of Software Science and Computational Structures"}
@string{FOSSACS10 = "Proceedings of the 13th International Conference on Foundations of Software Science and Computational Structures"}
@string{FOSSACS11 = "Proceedings of the 14th International Conference on Foundations of Software Science and Computational Structures"}
@string{FOSSACS12 = "Proceedings of the 15th International Conference on Foundations of Software Science and Computational Structures"}
@string{FOSSACS13 = "Proceedings of the 16th International Conference on Foundations of Software Science and Computational Structures"}
@string{FOSSACS14 = "Proceedings of the 17th International Conference on Foundations of Software Science and Computational Structures"}
@string{FOSSACS15 = "Proceedings of the 18th International Conference on Foundations of Software Science and Computational Structures"}
@string{FOSSACS16 = "Proceedings of the 19th International Conference on Foundations of Software Science and Computational Structures"}


@string{TACAS95 = "Proceedings of the 1st International Conference on Tools and Algorithms for the Construction and Analysis of Systems"}
@string{TACAS96 = "Proceedings of the 2nd International Conference on Tools and Algorithms for the Construction and Analysis of Systems"}
@string{TACAS97 = "Proceedings of the 3rd International Conference on Tools and Algorithms for the Construction and Analysis of Systems"}
@string{TACAS98 = "Proceedings of the 4th International Conference on Tools and Algorithms for the Construction and Analysis of Systems"}
@string{TACAS99 = "Proceedings of the 5th International Conference on Tools and Algorithms for the Construction and Analysis of Systems"}
@string{TACAS00 = "Proceedings of the 6th International Conference on Tools and Algorithms for the Construction and Analysis of Systems"}
@string{TACAS01 = "Proceedings of the 7th International Conference on Tools and Algorithms for the Construction and Analysis of Systems"}
@string{TACAS02 = "Proceedings of the 8th International Conference on Tools and Algorithms for the Construction and Analysis of Systems"}
@string{TACAS03 = "Proceedings of the 9th International Conference on Tools and Algorithms for the Construction and Analysis of Systems"}
@string{TACAS04 = "Proceedings of the 10th International Conference on Tools and Algorithms for the Construction and Analysis of Systems"}
@string{TACAS05 = "Proceedings of the 11th International Conference on Tools and Algorithms for the Construction and Analysis of Systems"}
@string{TACAS06 = "Proceedings of the 12th International Conference on Tools and Algorithms for the Construction and Analysis of Systems"}
@string{TACAS07 = "Proceedings of the 13th International Conference on Tools and Algorithms for the Construction and Analysis of Systems"}
@string{TACAS08 = "Proceedings of the 14th International Conference on Tools and Algorithms for the Construction and Analysis of Systems"}
@string{TACAS09 = "Proceedings of the 15th International Conference on Tools and Algorithms for the Construction and Analysis of Systems"}
@string{TACAS10 = "Proceedings of the 16th International Conference on Tools and Algorithms for the Construction and Analysis of Systems"}
@string{TACAS11 = "Proceedings of the 17th International Conference on Tools and Algorithms for the Construction and Analysis of Systems"}
@string{TACAS12 = "Proceedings of the 18th International Conference on Tools and Algorithms for the Construction and Analysis of Systems"}
@string{TACAS13 = "Proceedings of the 19th International Conference on Tools and Algorithms for the Construction and Analysis of Systems"}
@string{TACAS14 = "Proceedings of the 20th International Conference on Tools and Algorithms for the Construction and Analysis of Systems"}
@string{TACAS15 = "Proceedings of the 21st International Conference on Tools and Algorithms for the Construction and Analysis of Systems"}
@string{TACAS16 = "Proceedings of the 22nd International Conference on Tools and Algorithms for the Construction and Analysis of Systems"}


@string{FSKD02 = "Proceedings of the 1st International Conference on Fuzzy Systems and Knowledge Discovery"}
@string{FSKD05 = "Proceedings of the 2nd International Conference on Fuzzy Systems and Knowledge Discovery"}
@string{FSKD06 = "Proceedings of the 3rd International Conference on Fuzzy Systems and Knowledge Discovery"}
@string{FSKD07 = "Proceedings of the 4th International Conference on Fuzzy Systems and Knowledge Discovery"}
@string{FSKD08 = "Proceedings of the 5th International Conference on Fuzzy Systems and Knowledge Discovery"}
@string{FSKD09 = "Proceedings of the 6th International Conference on Fuzzy Systems and Knowledge Discovery"}
@string{FSKD10 = "Proceedings of the 7th International Conference on Fuzzy Systems and Knowledge Discovery"}
@string{FSKD11 = "Proceedings of the 8th International Conference on Fuzzy Systems and Knowledge Discovery"}
@string{FSKD12 = "Proceedings of the 9th International Conference on Fuzzy Systems and Knowledge Discovery"}
@string{FSKD13 = "Proceedings of the 10th International Conference on Fuzzy Systems and Knowledge Discovery"}
@string{FSKD14 = "Proceedings of the 11th International Conference on Fuzzy Systems and Knowledge Discovery"}
@string{FSKD15 = "Proceedings of the 12th International Conference on Fuzzy Systems and Knowledge Discovery"}



@string{LICS86 = "Proceedings of the 1st IEEE Symposium on Logic in Computer Science"}
@string{LICS87 = "Proceedings of the 2nd IEEE Symposium on Logic in Computer Science"}
@string{LICS88 = "Proceedings of the 3rd IEEE Symposium on Logic in Computer Science"}
@string{LICS89 = "Proceedings of the 4th IEEE Symposium on Logic in Computer Science"}
@string{LICS90 = "Proceedings of the 5th IEEE Symposium on Logic in Computer Science"}
@string{LICS91 = "Proceedings of the 6th IEEE Symposium on Logic in Computer Science"}
@string{LICS92 = "Proceedings of the 7th IEEE Symposium on Logic in Computer Science"}
@string{LICS93 = "Proceedings of the 8th IEEE Symposium on Logic in Computer Science"}
@string{LICS94 = "Proceedings of the 9th IEEE Symposium on Logic in Computer Science"}
@string{LICS95 = "Proceedings of the 10th IEEE Symposium on Logic in Computer Science"}
@string{LICS96 = "Proceedings of the 11th IEEE Symposium on Logic in Computer Science"}
@string{LICS97 = "Proceedings of the 12th IEEE Symposium on Logic in Computer Science"}
@string{LICS98 = "Proceedings of the 13th IEEE Symposium on Logic in Computer Science"}
@string{LICS99 = "Proceedings of the 14th IEEE Symposium on Logic in Computer Science"}
@string{LICS00 = "Proceedings of the 15th IEEE Symposium on Logic in Computer Science"}
@string{LICS01 = "Proceedings of the 16th IEEE Symposium on Logic in Computer Science"}
@string{LICS02 = "Proceedings of the 17th IEEE Symposium on Logic in Computer Science"}
@string{LICS03 = "Proceedings of the 18th IEEE Symposium on Logic in Computer Science"}
@string{LICS04 = "Proceedings of the 19th IEEE Symposium on Logic in Computer Science"}
@string{LICS05 = "Proceedings of the 20th IEEE Symposium on Logic in Computer Science"}
@string{LICS06 = "Proceedings of the 21st IEEE Symposium on Logic in Computer Science"}
@string{LICS07 = "Proceedings of the 22nd IEEE Symposium on Logic in Computer Science"}
@string{LICS08 = "Proceedings of the 23rd IEEE Symposium on Logic in Computer Science"}
@string{LICS09 = "Proceedings of the 24th IEEE Symposium on Logic in Computer Science"}
@string{LICS10 = "Proceedings of the 25th IEEE Symposium on Logic in Computer Science"}
@string{LICS11 = "Proceedings of the 26th IEEE Symposium on Logic in Computer Science"}
@string{LICS12 = "Proceedings of the 27th IEEE Symposium on Logic in Computer Science"}
@string{LICS13 = "Proceedings of the 28th IEEE Symposium on Logic in Computer Science"}
@string{LICS-CSL14 = "Joint Meeting of the 23rd EACSL Annual Conference on Computer Science Logic and the 29t Annual ACM/IEEE Symposium on Logic in Computer Science"}
@string{LICS15 = "Proceedings of the 30th IEEE Symposium on Logic in Computer Science"}
@string{LICS16 = "Proceedings of the 31st IEEE Symposium on Logic in Computer Science"}


@string{ICALP72 = "Proceedings of the 1st International Colloquium  on Automata, Languages, and Programming"}
@string{ICALP74 = "Proceedings of the 2nd International Colloquium  on Automata, Languages, and Programming"}
@string{ICALP76 = "Proceedings of the 3rd International Colloquium  on Automata, Languages, and Programming"}
@string{ICALP77 = "Proceedings of the 4th International Colloquium  on Automata, Languages, and Programming"}
@string{ICALP79 = "Proceedings of the 6th International Colloquium  on Automata, Languages, and Programming"}
@string{ICALP80 = "Proceedings of the 7th International Colloquium  on Automata, Languages, and Programming"}
@string{ICALP81 = "Proceedings of the 8th International Colloquium  on Automata, Languages, and Programming"}
@string{ICALP83 = "Proceedings of the 10th International Colloquium  on Automata, Languages, and Programming"}
@string{ICALP84 = "Proceedings of the 11th International Colloquium  on Automata, Languages, and Programming"}
@string{ICALP85 = "Proceedings of the 12th International Colloquium  on Automata, Languages, and Programming"}
@string{ICALP86 = "Proceedings of the 13th International Colloquium  on Automata, Languages, and Programming"}
@string{ICALP87 = "Proceedings of the 14th International Colloquium  on Automata, Languages, and Programming"}
@string{ICALP89 = "Proceedings of the 16th International Colloquium  on Automata, Languages, and Programming"}
@string{ICALP90 = "Proceedings of the 17th International Colloquium  on Automata, Languages, and Programming"}
@string{ICALP91 = "Proceedings of the 18th International Colloquium  on Automata, Languages, and Programming"}
@string{ICALP92 = "Proceedings of the 19th International Colloquium  on Automata, Languages, and Programming"}
@string{ICALP94 = "Proceedings of the 21st International Colloquium  on Automata, Languages, and Programming"}
@string{ICALP96 = "Proceedings of the 23rd International Colloquium  on Automata, Languages, and Programming"}
@string{ICALP97 = "Proceedings of the 24th International Colloquium  on Automata, Languages, and Programming"}
@string{ICALP98 = "Proceedings of the 25th International Colloquium  on Automata, Languages, and Programming"}
@string{ICALP99 = "Proceedings of the 26th International Colloquium  on Automata, Languages, and Programming"}
@string{ICALP00 = "Proceedings of the 27th International Colloquium  on Automata, Languages, and Programming"}
@string{ICALP01 = "Proceedings of the 28th International Colloquium  on Automata, Languages, and Programming"}
@string{ICALP02 = "Proceedings of the 29th International Colloquium  on Automata, Languages, and Programming"}
@string{ICALP03 = "Proceedings of the 30th International Colloquium  on Automata, Languages, and Programming"}
@string{ICALP04 = "Proceedings of the 31st International Colloquium  on Automata, Languages, and Programming"}
@string{ICALP05 = "Proceedings of the 32nd International Colloquium  on Automata, Languages, and Programming"}
@string{ICALP06 = "Proceedings of the 33rd International Colloquium  on Automata, Languages, and Programming"}
@string{ICALP07 = "Proceedings of the 34th International Colloquium  on Automata, Languages, and Programming"}
@string{ICALP08 = "Proceedings of the 35th International Colloquium  on Automata, Languages, and Programming"}
@string{ICALP09 = "Proceedings of the 36th International Colloquium  on Automata, Languages, and Programming"}
@string{ICALP10 = "Proceedings of the 37th International Colloquium  on Automata, Languages, and Programming"}
@string{ICALP11 = "Proceedings of the 38th International Colloquium  on Automata, Languages, and Programming"}
@string{ICALP12 = "Proceedings of the 39th International Colloquium  on Automata, Languages, and Programming"}
@string{ICALP13 = "Proceedings of the 40th International Colloquium  on Automata, Languages, and Programming"}
@string{ICALP14 = "Proceedings of the 41st International Colloquium  on Automata, Languages, and Programming"}
@string{ICALP15 = "Proceedings of the 42nd International Colloquium  on Automata, Languages, and Programming"}
@string{ICALP16 = "Proceedings of the 43rd International Colloquium  on Automata, Languages, and Programming"}



@string{IJCAI69 = "Proceedings of the 1st International Joint Conference on Artificial Intelligence"}
@string{IJCAI71 = "Proceedings of the 2nd International Joint Conference on Artificial Intelligence"}
@string{IJCAI73 = "Proceedings of the 3rd International Joint Conference on Artificial Intelligence"}
@string{IJCAI75 = "Proceedings of the 4th International Joint Conference on Artificial Intelligence"}
@string{IJCAI77 = "Proceedings of the 5th International Joint Conference on Artificial Intelligence"}
@string{IJCAI79 = "Proceedings of the 6th International Joint Conference on Artificial Intelligence"}
@string{IJCAI81 = "Proceedings of the 7th International Joint Conference on Artificial Intelligence"}
@string{IJCAI83 = "Proceedings of the 8th International Joint Conference on Artificial Intelligence"}
@string{IJCAI83 = "Proceedings of the 9th International Joint Conference on Artificial Intelligence"}
@string{IJCAI87 = "Proceedings of the 10th International Joint Conference on Artificial Intelligence"}
@string{IJCAI89 = "Proceedings of the 11th International Joint Conference on Artificial Intelligence"}
@string{IJCAI91 = "Proceedings of the 12th International Joint Conference on Artificial Intelligence"}
@string{IJCAI93 = "Proceedings of the 13th International Joint Conference on Artificial Intelligence"}
@string{IJCAI95 = "Proceedings of the 14th International Joint Conference on Artificial Intelligence"}
@string{IJCAI97 = "Proceedings of the 15th International Joint Conference on Artificial Intelligence"}
@string{IJCAI99 = "Proceedings of the 16th International Joint Conference on Artificial Intelligence"}
@string{IJCAI01 = "Proceedings of the 17th International Joint Conference on Artificial Intelligence"}
@string{IJCAI03 = "Proceedings of the 18th International Joint Conference on Artificial Intelligence"}
@string{IJCAI05 = "Proceedings of the 19th International Joint Conference on Artificial Intelligence"}
@string{IJCAI07 = "Proceedings of the 20th International Joint Conference on Artificial Intelligence"}
@string{IJCAI09 = "Proceedings of the 21st International Joint Conference on Artificial Intelligence"}
@string{IJCAI11 = "Proceedings of the 22rd International Joint Conference on Artificial Intelligence"}
@string{IJCAI13 = "Proceedings of the 23th International Joint Conference on Artificial Intelligence"}
@string{IJCAI15 = "Proceedings of the 24th International Joint Conference on Artificial Intelligence"}
@string{IJCAI16 = "Proceedings of the 25th International Joint Conference on Artificial Intelligence"}


@string{CLIMA14 = "Proceedings of the 15th International Workshop on Computational Logic in Multi-Agent Systems"}
@string{CLIMA13 = "Proceedings of the 14th International Workshop on Computational Logic in Multi-Agent Systems"}
@string{CLIMA12 = "Proceedings of the 13th International Workshop on Computational Logic in Multi-Agent Systems"}
@string{CLIMA11 = "Proceedings of the 12th International Workshop on Computational Logic in Multi-Agent Systems"}
@string{CLIMA10 = "Proceedings of the 11th International Workshop on Computational Logic in Multi-Agent Systems"}
@string{CLIMA09 = "Proceedings of the 10th International Workshop on Computational Logic in Multi-Agent Systems"}
@string{CLIMA08 = "Proceedings of the 9th International Workshop on Computational Logic in Multi-Agent Systems"}
@string{CLIMA07 = "Proceedings of the 8th International Workshop on Computational Logic in Multi-Agent Systems"}
@string{CLIMA06 = "Proceedings of the 7th International Workshop on Computational Logic in Multi-Agent Systems"}
@string{CLIMA05 = "Proceedings of the 6th International Workshop on Computational Logic in Multi-Agent Systems"}
@string{CLIMA04 = "Proceedings of the 5th International Workshop on Computational Logic in Multi-Agent Systems"}
@string{CLIMA03 = "Proceedings of the 4th International Workshop on Computational Logic in Multi-Agent Systems"}
@string{CLIMA02 = "Proceedings of the 3rd International Workshop on Computational Logic in Multi-Agent Systems"}
@string{CLIMA01 = "Proceedings of the 2nd International Workshop on Computational Logic in Multi-Agent Systems"}
@string{CLIMA00 = "Proceedings of the 1st International Workshop on Computational Logic in Multi-Agent Systems"}


@string{FSTTCS98 = "Proceedings of the  18th Conference on Foundations of Software Technology and Theoretical Computer Science"}
@string{FSTTCS99 = "Proceedings of the  19th Conference on Foundations of Software Technology and Theoretical Computer Science"}
@string{FSTTCS00 = "Proceedings of the  20th Conference on Foundations of Software Technology and Theoretical Computer Science"}
@string{FSTTCS01 = "Proceedings of the  21st Conference on Foundations of Software Technology and Theoretical Computer Science"}
@string{FSTTCS02 = "Proceedings of the  22nd Conference on Foundations of Software Technology and Theoretical Computer Science"}
@string{FSTTCS03 = "Proceedings of the   23rd Conference on Foundations of Software Technology and Theoretical Computer Science"}
@string{FSTTCS04 = "Proceedings of the  24th Conference on Foundations of Software Technology and Theoretical Computer Science"}
@string{FSTTCS05 = "Proceedings of the  25th Conference on Foundations of Software Technology and Theoretical Computer Science"}
@string{FSTTCS06 = "Proceedings of the  26th Conference on Foundations of Software Technology and Theoretical Computer Science"}
@string{FSTTCS07 = "Proceedings of the  27th Conference on Foundations of Software Technology and Theoretical Computer Science"}
@string{FSTTCS08 = "Proceedings of the  28th Conference on Foundations of Software Technology and Theoretical Computer Science"}
@string{FSTTCS09 = "Proceedings of the  29th Conference on Foundations of Software Technology and Theoretical Computer Science"}
@string{FSTTCS10 = "Proceedings of the  30th Conference on Foundations of Software Technology and Theoretical Computer Science"}
@string{FSTTCS11 = "Proceedings of the  31th Conference on Foundations of Software Technology and Theoretical Computer Science"}
@string{FSTTCS12 = "Proceedings of the  32nd Conference on Foundations of Software Technology and Theoretical Computer Science"}
@string{FSTTCS13 = "Proceedings of the  33rd Conference on Foundations of Software Technology and Theoretical Computer Science"}
@string{FSTTCS14 = "Proceedings of the  34th Conference on Foundations of Software Technology and Theoretical Computer Science"}
@string{FSTTCS15 = "Proceedings of the  35th Conference on Foundations of Software Technology and Theoretical Computer Science"}


@string{AAAI80 = "Proceedings of the 1st National Conference on Artificial Intelligence"}
@string{AAAI82 = "Proceedings of the 2nd National Conference on Artificial Intelligence"}
@string{AAAI83 = "Proceedings of the 3rd National Conference on Artificial Intelligence"}
@string{AAAI84 = "Proceedings of the 4th National Conference on Artificial Intelligence"}
@string{AAAI86 = "Proceedings of the 5th National Conference on Artificial Intelligence"}
@string{AAAI87 = "Proceedings of the 6th National Conference on Artificial Intelligence"}
@string{AAAI88 = "Proceedings of the 7th National Conference on Artificial Intelligence"}
@string{AAAI90 = "Proceedings of the 8th National Conference on Artificial Intelligence"}
@string{AAAI91 = "Proceedings of the 9th National Conference on Artificial Intelligence"}
@string{AAAI92 = "Proceedings of the 10th National Conference on Artificial Intelligence"}
@string{AAAI93 = "Proceedings of the 11th National Conference on Artificial Intelligence"}
@string{AAAI94 = "Proceedings of the 12th National Conference on Artificial Intelligence"}
@string{AAAI96 = "Proceedings of the 13th National Conference on Artificial Intelligence and 8th Innovative Applications of Artificial Intelligence Conference"}
@string{AAAI97 = "Proceedings of the 14th National Conference on Artificial Intelligence and 9th Innovative Applications of Artificial Intelligence Conference"}
@string{AAAI98 = "Proceedings of the 15th National Conference on Artificial Intelligence and 10th Innovative Applications of Artificial Intelligence Conference"}
@string{AAAI99 = "Proceedings of the 16th National Conference on Artificial Intelligence and 11th Innovative Applications of Artificial Intelligence Conference"}
@string{AAAI00 = "Proceedings of the 17th National Conference on Artificial Intelligence and 12th Innovative Applications of Artificial Intelligence Conference"}
@string{AAAI02 = "Proceedings of the 18th National Conference on Artificial Intelligence and 14th Innovative Applications of Artificial Intelligence Conference"}
@string{AAAI04 = "Proceedings of the 19th National Conference on Artificial Intelligence and 16th Innovative Applications of Artificial Intelligence Conference"}
@string{AAAI05 = "Proceedings of the 20th National Conference on Artificial Intelligence and 17th Innovative Applications of Artificial Intelligence Conference"}
@string{AAAI06 = "Proceedings of the 21st National Conference on Artificial Intelligence and 18th Innovative Applications of Artificial Intelligence Conference"}
@string{AAAI07 = "Proceedings of the 22nd {AAAI} Conference on Artificial Intelligence"}
@string{AAAI08 = "Proceedings of the 23rd {AAAI} Conference on Artificial Intelligence"}
@string{AAAI10 = "Proceedings of the 24th {AAAI} Conference on Artificial Intelligence"}
@string{AAAI11 = "Proceedings of the 25th {AAAI} Conference on Artificial Intelligence"}
@string{AAAI12 = "Proceedings of the 26th {AAAI} Conference on Artificial Intelligence"}
@string{AAAI13 = "Proceedings of the 27th {AAAI} Conference on Artificial Intelligence"}
@string{AAAI14 = "Proceedings of the 28th {AAAI} Conference on Artificial Intelligence"}
@string{AAAI15 = "Proceedings of the 29th {AAAI} Conference on Artificial Intelligence"}
@string{AAAI16 = "Proceedings of the 30th {AAAI} Conference on Artificial Intelligence"}



@string{SODA90 = "Proceedings of the 1st Annual ACM-SIAM Symposium on Discrete Algorithms"}
@string{SODA91 = "Proceedings of the 2nd Annual ACM-SIAM Symposium on Discrete Algorithms"}
@string{SODA92 = "Proceedings of the 3rd Annual ACM-SIAM Symposium on Discrete Algorithms"}
@string{SODA93 = "Proceedings of the 4th Annual ACM-SIAM Symposium on Discrete Algorithms"}
@string{SODA94 = "Proceedings of the 5th Annual ACM-SIAM Symposium on Discrete Algorithms"}
@string{SODA95 = "Proceedings of the 6th Annual ACM-SIAM Symposium on Discrete Algorithms"}
@string{SODA96 = "Proceedings of the 7th Annual ACM-SIAM Symposium on Discrete Algorithms"}
@string{SODA97 = "Proceedings of the 8th Annual ACM-SIAM Symposium on Discrete Algorithms"}
@string{SODA98 = "Proceedings of the 9th Annual ACM-SIAM Symposium on Discrete Algorithms"}
@string{SODA99 = "Proceedings of the 10th Annual ACM-SIAM Symposium on Discrete Algorithms"}
@string{SODA00 = "Proceedings of the 11th Annual ACM-SIAM Symposium on Discrete Algorithms"}
@string{SODA01 = "Proceedings of the 12th Annual ACM-SIAM Symposium on Discrete Algorithms"}
@string{SODA02 = "Proceedings of the 13th Annual ACM-SIAM Symposium on Discrete Algorithms"}
@string{SODA03 = "Proceedings of the 14th Annual ACM-SIAM Symposium on Discrete Algorithms"}
@string{SODA04 = "Proceedings of the 15th Annual ACM-SIAM Symposium on Discrete Algorithms"}
@string{SODA05 = "Proceedings of the 16th Annual ACM-SIAM Symposium on Discrete Algorithms"}
@string{SODA06 = "Proceedings of the 17th Annual ACM-SIAM Symposium on Discrete Algorithms"}
@string{SODA07 = "Proceedings of the 18th Annual ACM-SIAM Symposium on Discrete Algorithms"}
@string{SODA08 = "Proceedings of the 19th Annual ACM-SIAM Symposium on Discrete Algorithms"}
@string{SODA09 = "Proceedings of the 20th Annual ACM-SIAM Symposium on Discrete Algorithms"}
@string{SODA10 = "Proceedings of the 21st Annual ACM-SIAM Symposium on Discrete Algorithms"}
@string{SODA11 = "Proceedings of the 22nd Annual ACM-SIAM Symposium on Discrete Algorithms"}
@string{SODA12 = "Proceedings of the 23rd Annual ACM-SIAM Symposium on Discrete Algorithms"}
@string{SODA13 = "Proceedings of the 24th Annual ACM-SIAM Symposium on Discrete Algorithms"}
@string{SODA14 = "Proceedings of the 25th Annual ACM-SIAM Symposium on Discrete Algorithms"}
@string{SODA15 = "Proceedings of the 26th Annual ACM-SIAM Symposium on Discrete Algorithms"}
@string{SODA16 = "Proceedings of the 27th Annual ACM-SIAM Symposium on Discrete Algorithms"}


@string{STACS94 = "Proceedings of the 11th Symposium on Theoretical Aspects of Computer Science"}
@string{STACS95 = "Proceedings of the 12th Symposium on Theoretical Aspects of Computer Science"}
@string{STACS96 = "Proceedings of the 13th Symposium on Theoretical Aspects of Computer Science"}
@string{STACS97 = "Proceedings of the 14th Symposium on Theoretical Aspects of Computer Science"}
@string{STACS98 = "Proceedings of the 15th Symposium on Theoretical Aspects of Computer Science"}
@string{STACS99 = "Proceedings of the 16th Symposium on Theoretical Aspects of Computer Science"}
@string{STACS00 = "Proceedings of the 17th Symposium on Theoretical Aspects of Computer Science"}
@string{STACS01 = "Proceedings of the 18th Symposium on Theoretical Aspects of Computer Science"}
@string{STACS02 = "Proceedings of the 19th Symposium on Theoretical Aspects of Computer Science"}
@string{STACS03 = "Proceedings of the 20th Symposium on Theoretical Aspects of Computer Science"}
@string{STACS04 = "Proceedings of the 21st Symposium on Theoretical Aspects of Computer Science"}
@string{STACS05 = "Proceedings of the 22nd Symposium on Theoretical Aspects of Computer Science"}
@string{STACS06 = "Proceedings of the 23rd Symposium on Theoretical Aspects of Computer Science"}
@string{STACS07 = "Proceedings of the 24th Symposium on Theoretical Aspects of Computer Science"}
@string{STACS08 = "Proceedings of the 25th Symposium on Theoretical Aspects of Computer Science"}
@string{STACS09 = "Proceedings of the 26th Symposium on Theoretical Aspects of Computer Science"}
@string{STACS10 = "Proceedings of the 27th Symposium on Theoretical Aspects of Computer Science"}
@string{STACS11 = "Proceedings of the 28th Symposium on Theoretical Aspects of Computer Science"}
@string{STACS12 = "Proceedings of the 29th Symposium on Theoretical Aspects of Computer Science"}
@string{STACS13 = "Proceedings of the 30th Symposium on Theoretical Aspects of Computer Science"}
@string{STACS14 = "Proceedings of the 31st Symposium on Theoretical Aspects of Computer Science"}
@string{STACS15 = "Proceedings of the 32nd Symposium on Theoretical Aspects of Computer Science"}
@string{STACS16 = "Proceedings of the 33rd Symposium on Theoretical Aspects of Computer Science"}


@string{MFCS88 = "Proceedings of the 13th International Symposium on Mathematical Foundations of Computer Science"}
@string{MFCS89 = "Proceedings of the 14th International Symposium on Mathematical Foundations of Computer Science"}
@string{MFCS95 = "Proceedings of the 20th International Symposium on Mathematical Foundations of Computer Science"}
@string{MFCS98 = "Proceedings of the 23th International Symposium on Mathematical Foundations of Computer Science"}
@string{MFCS00 = "Proceedings of the 25th International Symposium on Mathematical Foundations of Computer Science"}
@string{MFCS01 = "Proceedings of the 26th International Symposium on Mathematical Foundations of Computer Science"}
@string{MFCS02 = "Proceedings of the 27th International Symposium on Mathematical Foundations of Computer Science"}
@string{MFCS03 = "Proceedings of the 28th International Symposium on Mathematical Foundations of Computer Science"}
@string{MFCS04 = "Proceedings of the 29th International Symposium on Mathematical Foundations of Computer Science"}
@string{MFCS05 = "Proceedings of the 30th International Symposium on Mathematical Foundations of Computer Science"}
@string{MFCS06 = "Proceedings of the 31st International Symposium on Mathematical Foundations of Computer Science"}
@string{MFCS07 = "Proceedings of the 32nd International Symposium on Mathematical Foundations of Computer Science"}
@string{MFCS08 = "Proceedings of the 33th International Symposium on Mathematical Foundations of Computer Science"}
@string{MFCS09 = "Proceedings of the 34th International Symposium on Mathematical Foundations of Computer Science"}
@string{MFCS10 = "Proceedings of the 35th International Symposium on Mathematical Foundations of Computer Science"}
@string{MFCS11 = "Proceedings of the 36th International Symposium on Mathematical Foundations of Computer Science"}
@string{MFCS12 = "Proceedings of the 37th International Symposium on Mathematical Foundations of Computer Science"}
@string{MFCS13 = "Proceedings of the 38th International Symposium on Mathematical Foundations of Computer Science"}
@string{MFCS14 = "Proceedings of the 39th International Symposium on Mathematical Foundations of Computer Science"}
@string{MFCS15 = "Proceedings of the 40th International Symposium on Mathematical Foundations of Computer Science"}
@string{MFCS16 = "Proceedings of the 41st International Symposium on Mathematical Foundations of Computer Science"}


@string{FORMATS03 = "Proceedings of the 1st International Conference on Formal Modeling and Analysis of Timed Systems"}
@string{FORMATS04 = "Proceedings of the 2nd International Conference on Formal Modeling and Analysis of Timed Systems"}
@string{FORMATS05 = "Proceedings of the 3rd International Conference on Formal Modeling and Analysis of Timed Systems"}
@string{FORMATS06 = "Proceedings of the 4th International Conference on Formal Modeling and Analysis of Timed Systems"}
@string{FORMATS07 = "Proceedings of the 5th International Conference on Formal Modeling and Analysis of Timed Systems"}
@string{FORMATS08 = "Proceedings of the 6th International Conference on Formal Modeling and Analysis of Timed Systems"}
@string{FORMATS09 = "Proceedings of the 7th International Conference on Formal Modeling and Analysis of Timed Systems"}
@string{FORMATS10 = "Proceedings of the 8th International Conference on Formal Modeling and Analysis of Timed Systems"}
@string{FORMATS11 = "Proceedings of the 9th International Conference on Formal Modeling and Analysis of Timed Systems"}
@string{FORMATS12 = "Proceedings of the 10th International Conference on Formal Modeling and Analysis of Timed Systems"}
@string{FORMATS13 = "Proceedings of the 11th International Conference on Formal Modeling and Analysis of Timed Systems"}
@string{FORMATS14 = "Proceedings of the 12th International Conference on Formal Modeling and Analysis of Timed Systems"}
@string{FORMATS15 = "Proceedings of the 13th International Conference on Formal Modeling and Analysis of Timed Systems"}
@string{FORMATS16 = "Proceedings of the 14th International Conference on Formal Modeling and Analysis of Timed Systems"}

@string{CONCUR90 = "Proceedings of the 1st International Conference on Theories of Concurrency: Unification and Extension"}
@string{CONCUR91 = "Proceedings of the 2nd International Conference on Concurrency Theory"}
@string{CONCUR92 = "Proceedings of the 3rd International Conference on Concurrency Theory"}
@string{CONCUR93 = "Proceedings of the 4th International Conference on Concurrency Theory"}
@string{CONCUR94 = "Proceedings of the 5th International Conference on Concurrency Theory"}
@string{CONCUR95 = "Proceedings of the 6th International Conference on Concurrency Theory"}
@string{CONCUR96 = "Proceedings of the 7th International Conference on Concurrency Theory"}
@string{CONCUR97 = "Proceedings of the 8th International Conference on Concurrency Theory"}
@string{CONCUR98 = "Proceedings of the 9th International Conference on Concurrency Theory"}
@string{CONCUR99 = "Proceedings of the 10th International Conference on Concurrency Theory"}
@string{CONCUR00 = "Proceedings of the 11th International Conference on Concurrency Theory"}
@string{CONCUR01 = "Proceedings of the 12th International Conference on Concurrency Theory"}
@string{CONCUR02 = "Proceedings of the 13th International Conference on Concurrency Theory"}
@string{CONCUR03 = "Proceedings of the 14th International Conference on Concurrency Theory"}
@string{CONCUR04 = "Proceedings of the 15th International Conference on Concurrency Theory"}
@string{CONCUR05 = "Proceedings of the 16th International Conference on Concurrency Theory"}
@string{CONCUR06 = "Proceedings of the 17th International Conference on Concurrency Theory"}
@string{CONCUR07 = "Proceedings of the 18th International Conference on Concurrency Theory"}
@string{CONCUR08 = "Proceedings of the 19th International Conference on Concurrency Theory"}
@string{CONCUR09 = "Proceedings of the 20th International Conference on Concurrency Theory"}
@string{CONCUR10 = "Proceedings of the 21st International Conference on Concurrency Theory"}
@string{CONCUR11 = "Proceedings of the 22nd International Conference on Concurrency Theory"}
@string{CONCUR12 = "Proceedings of the 23rd International Conference on Concurrency Theory"}
@string{CONCUR13 = "Proceedings of the 24th International Conference on Concurrency Theory"}
@string{CONCUR14 = "Proceedings of the 25th International Conference on Concurrency Theory"}
@string{CONCUR15 = "Proceedings of the 26th International Conference on Concurrency Theory"}
@string{CONCUR16 = "Proceedings of the 27th International Conference on Concurrency Theory"}


@string{STOC82 = "Proceedings of the 14th Annual {ACM} Symposium on Theory of Computing"}
@string{STOC83 = "Proceedings of the 15th Annual {ACM} Symposium on Theory of Computing"}
@string{STOC84 = "Proceedings of the 16th Annual {ACM} Symposium on Theory of Computing"}
@string{STOC85 = "Proceedings of the 17th Annual {ACM} Symposium on Theory of Computing"}
@string{STOC86 = "Proceedings of the 18th Annual {ACM} Symposium on Theory of Computing"}
@string{STOC87 = "Proceedings of the 19th Annual {ACM} Symposium on Theory of Computing"}
@string{STOC88 = "Proceedings of the 20th Annual {ACM} Symposium on Theory of Computing"}
@string{STOC89 = "Proceedings of the 21st Annual {ACM} Symposium on Theory of Computing"}
@string{STOC90 = "Proceedings of the 22nd Annual {ACM} Symposium on Theory of Computing"}
@string{STOC91 = "Proceedings of the 23rd Annual {ACM} Symposium on Theory of Computing"}
@string{STOC92 = "Proceedings of the 24th Annual {ACM} Symposium on Theory of Computing"}
@string{STOC93 = "Proceedings of the 25th Annual {ACM} Symposium on Theory of Computing"}
@string{STOC94 = "Proceedings of the 26th Annual {ACM} Symposium on Theory of Computing"}
@string{STOC95 = "Proceedings of the 27th Annual {ACM} Symposium on Theory of Computing"}
@string{STOC96 = "Proceedings of the 28th Annual {ACM} Symposium on Theory of Computing"}
@string{STOC97 = "Proceedings of the 29th Annual {ACM} Symposium on Theory of Computing"}
@string{STOC98 = "Proceedings of the 30th Annual {ACM} Symposium on Theory of Computing"}
@string{STOC99 = "Proceedings of the 31th Annual {ACM} Symposium on Theory of Computing"}

@book{BK08,
  author    = {Christel Baier and
               Joost{-}Pieter Katoen},
  title     = {Principles of model checking},
  publisher = {{MIT} Press},
  year      = {2008},
  isbn      = {978-0-262-02649-9}
}

@inproceedings{Sch01,
  author    = {Stefan Schwoon},
  title     = {Determinization and Complementation of Streett Automata},
  booktitle = {Automata, Logics, and Infinite Games: {A} Guide to Current Research
               [outcome of a Dagstuhl seminar]},
  pages     = {79--91},
  year      = {2001},
  doi       = {10.1007/3-540-36387-4_5}
}

@inproceedings{BEM97,
  author    = {Ahmed Bouajjani and
               Javier Esparza and
               Oded Maler},
  title     = {Reachability Analysis of Pushdown Automata: Application to Model-Checking},
  booktitle = CONCUR97,
  pages     = {135--150},
  year      = {1997},
  doi       = {10.1007/3-540-63141-0_10}
}

@inproceedings{EHRS00,
  author    = {Javier Esparza and
               David Hansel and
               Peter Rossmanith and
               Stefan Schwoon},
  title     = {Efficient Algorithms for Model Checking Pushdown Systems},
  booktitle = CAV00,
  pages     = {232--247},
  year      = {2000},
  doi       = {10.1007/10722167_20}
   }

@inproceedings{ST12,
  author    = {Fu Song and
               Tayssir Touili},
  title     = {{PuMoC}: a {CTL} model-checker for sequential programs},
  booktitle = {Proceedings of the 27th {IEEE/ACM} International Conference on Automated Software Engineering},
  pages     = {346--349},
  year      = {2012},
  doi       = {10.1145/2351676.2351743}
}

   @inproceedings{ST11,
  author    = {Fu Song and
               Tayssir Touili},
  title     = {Efficient {CTL} Model-Checking for Pushdown Systems},
  booktitle =CONCUR11,
  pages     = {434--449},
  year      = {2011},
  doi       = {10.1007/978-3-642-23217-6_29}
}

   @inproceedings{ES01,
  author    = {Javier Esparza and
               Stefan Schwoon},
  title     = {A BDD-Based Model Checker for Recursive Programs},
  booktitle = CAV01,
  pages     = {324--336},
  year      = {2001},
  doi       = {10.1007/3-540-44585-4_30}
}

@inproceedings{cachat,
  author    = {Thierry Cachat},
  title     = {Symbolic Strategy Synthesis for Games on Pushdown Graphs},
  booktitle = ICALP02,
  year      = {2002},
  doi       = {10.1007/3-540-45465-9_60},
  pages     = {704-715}
}


@inproceedings{Pnu77,
  author    = {Amir Pnueli},
  title     = {The Temporal Logic of Programs},
  booktitle = FOCS77,
  pages     = {46--57},
  year      = {1977},
  doi       = {10.1109/SFCS.1977.32}
}

@inproceedings{CE81,
  author    = {Edmund M. Clarke and
               E. Allen Emerson},
  title     = {Design and Synthesis of Synchronization Skeletons Using Branching-Time
               Temporal Logic},
  booktitle = {Proceedings of Workshop on Logics of Programs},
  pages     = {52--71},
  year      = {1981},
  doi       = {10.1007/BFb0025774}
}




@article{CHP10,
  author    = {Krishnendu Chatterjee and
               Thomas A. Henzinger and
               Nir Piterman},
  title     = {Strategy logic},
  journal   = {Information and Computation},
  volume    = {208},
  number    = {6},
  pages     = {677--693},
  year      = {2010},
  doi       = {10.1016/j.ic.2009.07.004}
}


@article{MMPV14,
  author    = {Fabio Mogavero and
               Aniello Murano and
               Giuseppe Perelli and
               Moshe Y. Vardi},
  title     = {Reasoning About Strategies: On the Model-Checking Problem},
  journal   = {{ACM} Transations on Computational Logic},
  volume    = {15},
  number    = {4},
  pages     = {34:1--34:47},
  year      = {2014},
  doi       = {10.1145/2631917}
}

@inproceedings{LMS04,
  author    = {Christof L{\"{o}}ding and
               P. Madhusudan and
               Olivier Serre},
  title     = {Visibly Pushdown Games},
  booktitle = FSTTCS04,
  doi       = {10.1007/978-3-540-30538-5_34},
  pages     = {408--420},
  year      = {2004}
}

@article{Wal01,
  author    = {Igor Walukiewicz},
  title     = {Pushdown Processes: Games and Model-Checking},
  journal   = {Information and Computation},
  volume    = {164},
  number    = {2},
  pages     = {234--263},
  year      = {2001},
  doi       = {10.1006/inco.2000.2894}
}

@inproceedings{SSE06,
  author    = {Dejvuth Suwimonteerabuth and
               Stefan Schwoon and
               Javier Esparza},
  title     = {Efficient Algorithms for Alternating Pushdown Systems with an Application to the Computation of Certificate Chains},
  booktitle   = {Proceedings of the 4th International Symposium on Automated Technology for Verification and Analysis},
  pages     = {141--153},
  doi       = {10.1007/11901914_13},
  year      = {2006}
}

@article{LMO08,
  author    = {Fran{\c{c}}ois Laroussinie and
               Nicolas Markey and
               Ghassan Oreiby},
  title     = {On the Expressiveness and Complexity of {ATL}},
  journal   = {Logical Methods in Computer Science},
  volume    = {4},
  number    = {2},
  year      = {2008},
  doi       = {10.2168/LMCS-4(2:7)2008}
}

@inproceedings{CSW16,
  author    = {Taolue Chen and
               Fu Song and
               Zhilin Wu},
  title     = {Global Model Checking on Pushdown Multi-Agent Systems},
  booktitle = AAAI16,
  pages = {2459--2465},
  year      = {2016}
}


@inproceedings{CH14,
  author    = {Arnaud Carayol and
               Matthew Hague},
  title     = {Saturation algorithms for model-checking pushdown systems},
  booktitle = {Proceedings of the 14th International Conference on Automata and Formal Languages},
  pages     = {1--24},
  year      = {2014},
  doi       = {10.4204/EPTCS.151.1}
}

@article{serre,
  author    = {Olivier Serre},
  title     = {Note on winning positions on pushdown games with [omega]-regular
               conditions},
  journal   = IPL,
  volume    = {85},
  number    = {6},
  year      = {2003},
  doi       = {10.1016/S0020-0190(02)00445-3},
  pages     = {285-291}
}

@article{ALMSV13,
  author    = {Benjamin Aminof and
               Axel Legay and
               Aniello Murano and
               Olivier Serre and
               Moshe Y. Vardi},
  title     = {Pushdown module checking with imperfect information},
  journal   = {Information and Computation},
  volume    = {223},
  pages     = {1--17},
  year      = {2013},
   doi       = {10.1016/j.ic.2012.11.005}
}

@article{BMP10,
  author    = {Laura Bozzelli and
               Aniello Murano and
               Adriano Peron},
  title     = {Pushdown module checking},
  journal   = {Formal Methods in System Design},
  volume    = {36},
  number    = {1},
  doi       = {10.1007/s10703-010-0093-x},
  year      = {2010},
  pages     = {65--95}
}

@inproceedings{JM14,
  author    = {Wojciech Jamroga and
               Aniello Murano},
  title     = {On module checking and strategies},
  booktitle = AAMAS14,
  pages     = {701--708},
  year      = {2014}
}



@inproceedings{BJ11,
  author    = {Nils Bulling and
               Wojciech Jamroga},
  title     = {Alternating Epistemic Mu-Calculus},
  booktitle = IJCAI11,
  pages     = {109--114},
  year      = {2011}
}
@inproceedings{JM15,
  author    = {Wojciech Jamroga and
               Aniello Murano},
  title     = {Module Checking of Strategic Ability},
  booktitle = AAMAS15,
  pages     = {227--235},
  year      = {2015}
}
@inproceedings{LopesLM10,
  author    = {Arnaud Da Costa Lopes and
               Fran{\c{c}}ois Laroussinie and
               Nicolas Markey},
  title     = {{ATL} with Strategy Contexts: Expressiveness and Model Checking},
  booktitle = FSTTCS10,
  pages     = {120--132},
  doi       = {10.4230/LIPIcs.FSTTCS.2010.120},
  year      = {2010}
}

@inproceedings{MMS13,
  author    = {Fabio Mogavero and
               Aniello Murano and
               Luigi Sauro},
  title     = {On the Boundary of Behavioral Strategies},
  booktitle = LICS13,
  doi       = {10.1109/LICS.2013.32},
   pages    = {263-272},
  year      = {2013}
}

@article{WangSH15,
  author    = {Farn Wang and
               Sven Schewe and
               Chung{-}Hao Huang},
  title     = {An Extension of {ATL} with Strategy Interaction},
  journal   = ACMTPLS,
  volume    = {37},
  number    = {3},
  pages     = {9},
  year = {2015},
  doi       = {10.1145/2734117}
}
@inproceedings{MMS14,
  author    = {Fabio Mogavero and
               Aniello Murano and
               Luigi Sauro},
  title     = {A Behavioral Hierarchy of Strategy Logic},
  booktitle = {Proceedings of the 15th International Workshop on Computational Logic in Multi-Agent Systems},
  pages     = {148--165},
  doi       = {10.1007/978-3-319-09764-0_10},
  year      = {2014}
}

@inproceedings{HP06,
  author    = {Thomas A. Henzinger and
               Vinayak S. Prabhu},
  title     = {Timed Alternating-Time Temporal Logic},
  booktitle = FORMATS06,
  pages     = {1--17},
  doi       = {10.1007/11867340_1},
  year      = {2006}
}
@inproceedings{BLMO07,
  author    = {Thomas Brihaye and
               Fran{\c{c}}ois Laroussinie and
               Nicolas Markey and
               Ghassan Oreiby},
  title     = {Timed Concurrent Game Structures},
  booktitle = CONCUR07,
  pages     = {445--459},
  doi       = {10.1007/978-3-540-74407-8_30},
  year      = {2007}
}
@inproceedings{CLM15,
  author    = {Petr Cerm{\'{a}}k and
               Alessio Lomuscio and
               Aniello Murano},
  title     = {Verifying and Synthesising Multi-Agent Systems against One-Goal Strategy
               Logic Specifications},
  booktitle = AAAI15,
  pages     = {2038--2044},
  year      = {2015}
}

@article{WSH15,
  author    = {Farn Wang and
               Sven Schewe and
               Chung{-}Hao Huang},
  title     = {An Extension of {ATL} with Strategy Interaction},
  journal   = ACMTPLS,
  volume    = {37},
  number    = {3},
  pages     = {9},
  year      = {2015},
  doi       = {10.1145/2734117}
}

@article{Koz83,
  author    = {Dexter Kozen},
  title     = {Results on the Propositional mu-Calculus},
  journal   = TCS,
  volume    = {27},
  pages     = {333--354},
  year      = {1983},
  doi       = {10.1016/0304-3975(82)90125-6}
}
@inproceedings{HO09,
  author    = {Matthew Hague and
               C.{-}H. Luke Ong},
  title     = {Winning Regions of Pushdown Parity Games: {A} Saturation Method},
  booktitle = CONCUR09,
 doi       = {10.1007/978-3-642-04081-8_26},
  pages     = {384--398},
  year      = {2009},
}

@article{HO11,
  author    = {Matthew Hague and
               C.{-}H. Luke Ong},
  title     = {A saturation method for the modal {\(\mu\)}-calculus over pushdown
               systems},
  journal   = {Information and Computation},
  volume    = {209},
  number    = {5},
  pages     = {799--821},
  year      = {2011},
  doi       = {10.1016/j.ic.2010.12.004}
}

@article{EJS03,
  author    = {Javier Esparza and
               Anton\'{\i}n Kucera and
               Stefan Schwoon},
  title     = {Model checking {LTL} with regular valuations for pushdown
               systems},
  journal   = {Information and Computation},
  volume    = {186},
  doi       = {10.1016/S0890-5401(03)00139-1},
  number    = {2},
  year      = {2003},
  pages     = {355-376}
}


@inproceedings{PV04,
  author    = {Nir Piterman and
               Moshe Y. Vardi},
  title     = {Global Model-Checking of Infinite-State Systems},
  booktitle = CAV04,
  doi       = {10.1007/978-3-540-27813-9_30},
  year      = {2004},
  pages     = {387--400}
}


@article{KV01,
  author    = {Orna Kupferman and
               Moshe Y. Vardi},
  title     = {Weak alternating automata are not that weak},
  journal   = ACMTCL,
  volume    = {2},
  number    = {3},
  pages     = {408--429},
  year      = {2001},
  doi       = {10.1145/377978.377993}
}

@article{Pit07,
  author    = {Nir Piterman},
  title     = {From Nondeterministic {B}{\"{u}}chi and Streett Automata to Deterministic
               Parity Automata},
  journal   = {Logical Methods in Computer Science},
  volume    = {3},
  number    = {3},
  year      = {2007},
  doi       = {10.2168/LMCS-3(3:5)2007}
}

@inproceedings{Var95,
  author    = {Moshe Y. Vardi},
  title     = {An Automata-Theoretic Approach to Linear Temporal Logic},
  booktitle = {Proceedings of the Workshop on Logics for Concurrency - Structure versus Automata (8th Banff Higher
               Order)},
  pages     = {238--266},
  year      = {1995},
  doi       = {10.1007/3-540-60915-6_6}
}

@inproceedings{CHP07a,
  author    = {Krishnendu Chatterjee and
               Thomas A. Henzinger and
               Nir Piterman},
  title     = {Generalized Parity Games},
  booktitle = FOSSACS07,
  pages     = {153--167},
  doi       = {10.1007/978-3-540-71389-0_12},
  year      = {2007}
}

@inproceedings{MMPV12,
  author    = {Fabio Mogavero and
               Aniello Murano and
               Giuseppe Perelli and
               Moshe Y. Vardi},
  title     = {What Makes {ATL}* Decidable? {A} Decidable Fragment of Strategy Logic},
  booktitle = CONCUR12,
  doi       = {10.1007/978-3-642-32940-1_15},
  pages     = {193--208},
  year      = {2012}
}


@inproceedings{GH82,
  author    = {Yuri Gurevich and
               Leo Harrington},
  title     = {Trees, Automata, and Games},
  booktitle = STOC82,
  pages     = {60--65},
  doi       = {10.1145/800070.802177},
  year      = {1982}
}

@article{ChatterjeeHP10,
  author    = {Krishnendu Chatterjee and
               Thomas A. Henzinger and
               Nir Piterman},
  title     = {Strategy logic},
  journal   = {Information and Computation},
  volume    = {208},
  number    = {6},
  pages     = {677--693},
  year      = {2010},
  doi       = {10.1016/j.ic.2009.07.004}
}

@article{CFKPS13,
  author    = {Taolue Chen and
               Vojtech Forejt and
               Marta Z. Kwiatkowska and
               David Parker and
               Aistis Simaitis},
  title     = {Automatic verification of competitive stochastic systems},
  journal   = {Formal Methods in System Design},
  volume    = {43},
  number    = {1},
  pages     = {61--92},
  year      = {2013},
  doi       = {10.1007/s10703-013-0183-7}
}

@article{AHK02,
  author    = {Rajeev Alur and
               Thomas A. Henzinger and
               Orna Kupferman},
  title     = {Alternating-time temporal logic},
  journal   = JACM,
  volume    = {49},
  number    = {5},
  pages     = {672--713},
  year      = {2002},
  doi       = {10.1145/585265.585270}
}

@inproceedings{HkW02,
  author    = {Wiebe van der Hoek and
               Michael Wooldridge},
  title     = {Tractable multiagent planning for epistemic goals},
  booktitle = AAMAS02,
  pages     = {1167--1174},
  year      = {2002}
}

@inproceedings{AHMQRT98,
  author    = {Rajeev Alur and
               Thomas A. Henzinger and
               Freddy Y. C. Mang and
               Shaz Qadeer and
               Sriram K. Rajamani and
               Serdar Tasiran},
  title     = {{MOCHA:} Modularity in Model Checking},
  booktitle = CAV98,
  pages     = {521--525},
  year      = {1998}
}
@article{WBYH16,
  author= {Wei Wan and Jamal Bentahar and Hamdi Yahyaoui and Abdessamad Ben Hamza},
   title=  {Verifying concurrent probabilistic systems using probabilistic-epistemic logic specifications},
   journal={Applied Intelligence},
   year={2016},
    pages={1--30}
}



@inproceedings{AHK97,
  author    = {Rajeev Alur and
               Thomas A. Henzinger and
               Orna Kupferman},
  title     = {Alternating-time Temporal Logic},
  booktitle = FOCS97,
  pages     = {100--109},
  year      = {1997}
}

@article{Wil01,
	Author = {Thomas Wilke},
	Journal = BBMS,
	Number = {2},
	Pages = {359--391},
	Title = {Alternating Tree Automata, Parity Games, and Modal $\mu$-Calculus},
	Volume = {8},
	Year = 2001
}

@article{Jur98,
	Author = {M. Jurdzi\'{n}ski},
	Journal = IPL,
	Number = {3},
	Pages = {119--124},
	Title = {Deciding the winner in parity games is in $\mathbf{UP}\cap$co-$\mathbf{UP}$},
	Volume = {68},
	Year = {1998}}





@inproceedings{CFKPS13b,
  author    = {Taolue Chen and
               Vojtech Forejt and
               Marta Z. Kwiatkowska and
               David Parker and
               Aistis Simaitis},
  title     = {PRISM-games: {A} Model Checker for Stochastic Multi-Player Games},
  booktitle = TACAS13,
  pages     = {185--191},
  year      = {2013}
}

@inproceedings{CFKPS12,
  author    = {Taolue Chen and
               Vojtech Forejt and
               Marta Z. Kwiatkowska and
               David Parker and
               Aistis Simaitis},
  title     = {Automatic Verification of Competitive Stochastic Systems},
  booktitle =TACAS12,
  pages     = {315--330},
  year      = {2012}
}

@inproceedings{CL07a,
  author    = {Taolue Chen and
               Jian Lu},
  title     = {Probabilistic Alternating-time Temporal Logic and Model Checking Algorithm},
  booktitle = FSKD07,
  pages     = {35--39},
  year      = {2007}
}
@inproceedings{E86,
  author    = {E. Allen Emerson and
               Chin{-}Laung Lei},
  title     = {Efficient Model Checking in Fragments of the Propositional Mu-Calculus
               (Extended Abstract)},
  booktitle = LICS86,
  pages     = {267--278},
  year      = {1986}
}

@inproceedings{Sch10,
  author    = {Henning Schnoor},
  title     = {Strategic planning for probabilistic games with incomplete information},
  booktitle = AAMAS10,
  pages     = {1057--1064},
  year      = {2010}
}

@article{BB05,
  author    = {Mustapha Bourahla and
               Mohamed Benmohamed},
  title     = {Model Checking Multi-Agent Systems},
  journal   = {Informatica (Slovenia)},
  volume    = {29},
  number    = {2},
  pages     = {189--198},
  year      = {2005}
}
@inproceedings{BJ11,
  author    = {Nils Bulling and
               Wojciech Jamroga},
  title     = {Alternating Epistemic Mu-Calculus},
  booktitle = IJCAI11,
  year      = {2011}
}
@inproceedings{GMRS16,
  author    = {Giuseppe De Giacomo and Aniello Murano and Sasha Rubin and Antonio Di Stasio},
  title     = {Imperfect information games and generalized planning},
  booktitle = IJCAI16,
  year      = {2016}
}


@inproceedings{JM15,
  author    = {Wojciech Jamroga and
               Aniello Murano},
  title     = {Module Checking of Strategic Ability},
  booktitle = AAMAS15,
  year      = {2015}
}




@inproceedings{MMV10,
  author    = {Fabio Mogavero and
               Aniello Murano and
               Moshe Y. Vardi},
  title     = {Reasoning About Strategies},
  booktitle = FSTTCS10,
  pages     = {133--144},
  year      = {2010}
}



@inproceedings{MP15,
  author    = {Aniello Murano and
               Giuseppe Perelli},
  title     = {Pushdown Multi-Agent System Verification},
  booktitle = IJCAI15,
  pages = {1090--1097},
  year      = {2015}
}


@inproceedings{CSW16a,
  author    = {Taolue Chen and
               Fu Song and
               Zhilin Wu},
  title     = {Global Model Checking on Pushdown Multi-Agent Systems},
  booktitle = AAAI16,
  pages     = {2459--2465},
  year      = {2016}
}

@inproceedings{CSW16b,
  author    = {Taolue Chen and
               Fu Song and
               Zhilin Wu},
  title     = {Verifying Pushdown Multi-Agent Systems against Strategy Logics},
  booktitle = IJCAI16,
  year      = {2016}
}


@inproceedings{JM15,
  author    = {Wojciech Jamroga and
               Aniello Murano},
  title     = {Module Checking of Strategic Ability},
  booktitle = AAMAS15,
  pages     = {227--235},
  year      = {2015}
}
@inproceedings{LSWZ15,
  author = {Wanwei Liu and Lei Song and Ji Wang and Lijun Zhang},
  title = {A Simple Probabilistic Extension of  Modal Mu-calculus},
  booktitle = IJCAI15,
  year = {2015},
  pages = {882-888}
}

@article{WBH13,
  author    = {Wei Wan and
               Jamal Bentahar and
               Abdessamad Ben Hamza},
  title     = {Model checking epistemic-probabilistic logic using probabilistic interpreted systems},
  journal   = {KBS},
  volume    = {50},
  pages     = {279--295},
  year      = {2013}
}
@inproceedings{HSZ12,
  author    = {Xiaowei Huang and
               Kaile Su and
               Chenyi Zhang},
  title     = {Probabilistic Alternating-Time Temporal Logic of Incomplete Information and Synchronous Perfect Recall},
  booktitle = AAAI12,
  year      = {2012}
}
@inproceedings{CJH04,
  author    = {Krishnendu Chatterjee and
               Marcin Jurdzinski and
               Thomas A. Henzinger},
  title     = {Quantitative stochastic parity games},
  booktitle = SODA14,
  pages     = {121--130},
  year      = {2004}
}
@PHDTHESIS{Dax06,
  author =       {Christian Dax},
  title =        {Games for the Linear Time $\mu$-Calculus},
  school =       {Ludwig-Maximilians-University Munich},
  year =         {2006}
}

@inproceedings{CKP15,
  author    = {Pablo F. Castro and
               Cecilia Kilmurray and
               Nir Piterman},
  title     = {Tractable Probabilistic mu-Calculus That Expresses Probabilistic Temporal
               Logics},
  booktitle = STACS15,
  pages     = {211--223},
  year      = {2015}
}

@article{CH12,
  author    = {Krishnendu Chatterjee and
               Thomas A. Henzinger},
  title     = {A survey of stochastic {\(\omega\)}-regular games},
  journal   = JCSS,
  volume    = {78},
  number    = {2},
  pages     = {394--413},
  year      = {2012}
}

@inproceedings{CH05,
  author    = {Krishnendu Chatterjee and
               Luca de Alfaro and
               Thomas A. Henzinger},
  title     = {The Complexity of Stochastic Rabin and Streett Games'},
  booktitle = ICALP05,
  pages     = {878--890},
  year      = {2005}
}
@article{AM04,
  author    = {Luca de Alfaro and
               Rupak Majumdar},
  title     = {Quantitative solution of omega-regular games},
  journal   = JCSS,
  volume    = {68},
  number    = {2},
  pages     = {374--397},
  year      = {2004}
}


@inproceedings{CHH09,
  author    = {Krishnendu Chatterjee and
               Thomas A. Henzinger and
               Florian Horn},
  title     = {Stochastic Games with Finitary Objectives},
  booktitle = MFCS09,
  pages     = {34--54},
  year      = {2009}}

@article{CH13,
  author    = {Krishnendu Chatterjee and
               Laurent Doyen and
               Thomas A. Henzinger},
  title     = {A survey of partial-observation stochastic parity games},
  journal   = FMSD,
  volume    = {43},
  number    = {2},
  pages     = {268--284},
  year      = {2013}
}
